<record><leader>00000cas a2200000 a 4500</leader><controlfield tag="001">9278915</controlfield><controlfield tag="008">830304c19379999orudr ne      0   a0eng c</controlfield><datafield ind1=" " ind2=" " tag="010"><subfield code="a">sn 83025139 </subfield><subfield code="z">sn 84007222 </subfield></datafield><datafield ind1=" " ind2=" " tag="040"><subfield code="a">NPV</subfield><subfield code="b">eng</subfield><subfield code="c">NPV</subfield><subfield code="d">NPW</subfield><subfield code="d">NSD</subfield><subfield code="d">OCL</subfield><subfield code="d">DLC</subfield><subfield code="d">OCL</subfield><subfield code="d">YOX</subfield><subfield code="d">NSD</subfield><subfield code="d">DLC</subfield><subfield code="d">NSD</subfield><subfield code="d">NJW</subfield><subfield code="d">SLZ</subfield><subfield code="d">KNP</subfield><subfield code="d">DLC</subfield><subfield code="d">MGN</subfield><subfield code="d">DLC</subfield><subfield code="d">CNK</subfield><subfield code="d">NVF</subfield><subfield code="d">OCN</subfield><subfield code="d">NVF</subfield><subfield code="d">DLC</subfield><subfield code="d">OCLCQ</subfield><subfield code="d">CUI</subfield><subfield code="d">UKMGB</subfield><subfield code="d">OCLCF</subfield><subfield code="d">OCL</subfield></datafield><datafield ind1="7" ind2=" " tag="016"><subfield code="a">013918536</subfield><subfield code="2">Uk</subfield></datafield><datafield ind1=" " ind2=" " tag="019"><subfield code="a">1589405</subfield><subfield code="a">11008827</subfield></datafield><datafield ind1="1" ind2=" " tag="022"><subfield code="a">8750-1317</subfield><subfield code="l">8750-1317</subfield><subfield code="2">1</subfield></datafield><datafield ind1="1" ind2=" " tag="029"><subfield code="a">AU@</subfield><subfield code="b">000000932168</subfield></datafield><datafield ind1="1" ind2=" " tag="029"><subfield code="a">ZWZ</subfield><subfield code="b">037427172</subfield></datafield><datafield ind1="1" ind2=" " tag="029"><subfield code="a">NZ1</subfield><subfield code="b">16076184</subfield></datafield><datafield ind1=" " ind2=" " tag="032"><subfield code="a">411680</subfield><subfield code="b">USPS</subfield></datafield><datafield ind1=" " ind2=" " tag="037"><subfield code="a">The Oregonian, 1320 S.W. Broadway, Portland, OR  97201</subfield></datafield><datafield ind1=" " ind2=" " tag="042"><subfield code="a">pcc</subfield><subfield code="a">nsdp</subfield></datafield><datafield ind1=" " ind2=" " tag="043"><subfield code="a">n-us-or</subfield></datafield><datafield ind1="0" ind2="0" tag="050"><subfield code="a">Newspaper</subfield></datafield><datafield ind1=" " ind2="4" tag="050"><subfield code="a">AN</subfield></datafield><datafield ind1=" " ind2="4" tag="082"><subfield code="a">071</subfield></datafield><datafield ind1="0" ind2=" " tag="130"><subfield code="a">Oregonian (Portland, Or. : 1937)</subfield></datafield><datafield ind1=" " ind2="4" tag="222"><subfield code="a">The Oregonian</subfield><subfield code="b">(Portland, Or. 1937)</subfield></datafield><datafield ind1="1" ind2="4" tag="245"><subfield code="a">The Oregonian.</subfield></datafield><datafield ind1="1" ind2=" " tag="246"><subfield code="i">On Sundays published as:</subfield><subfield code="a">Sunday Oregonian</subfield></datafield><datafield ind1=" " ind2=" " tag="260"><subfield code="a">Portland, Or. :</subfield><subfield code="b">Oregonian Pub. Co.,</subfield><subfield code="c">1937-</subfield></datafield><datafield ind1=" " ind2=" " tag="300"><subfield code="a">v.</subfield></datafield><datafield ind1=" " ind2=" " tag="310"><subfield code="a">Daily</subfield></datafield><datafield ind1="0" ind2=" " tag="362"><subfield code="a">Vol. 76, no. 23803 (Feb. 15, 1937)-</subfield></datafield><datafield ind1=" " ind2=" " tag="530"><subfield code="a">Also available on microfilm from the Library of Congress, Photoduplication Service, Bell &amp; Howell Information and Learning, and Microfilming Corporation of America.</subfield></datafield><datafield ind1=" " ind2=" " tag="580"><subfield code="a">Between Nov. 11, 1959 and Apr. 16, 1960, published jointly with: Oregon daily journal, due to stereotypers strike.</subfield></datafield><datafield ind1=" " ind2=" " tag="580"><subfield code="a">Also available from NewsBank, Inc. as a CD-ROM with title: NewsBank CD news presents the Oregonian.</subfield></datafield><datafield ind1=" " ind2=" " tag="588"><subfield code="a">Latest issue consulted: Nov. 7, 2000.</subfield></datafield><datafield ind1=" " ind2="0" tag="651"><subfield code="a">Portland (Or.)</subfield><subfield code="v">Newspapers.</subfield></datafield><datafield ind1=" " ind2="0" tag="651"><subfield code="a">Multnomah County (Or.)</subfield><subfield code="v">Newspapers.</subfield></datafield><datafield ind1=" " ind2="7" tag="651"><subfield code="a">Oregon</subfield><subfield code="z">Portland.</subfield><subfield code="2">fast</subfield><subfield code="0">(OCoLC)fst01204325</subfield></datafield><datafield ind1=" " ind2="7" tag="651"><subfield code="a">Oregon</subfield><subfield code="z">Multnomah County.</subfield><subfield code="2">fast</subfield><subfield code="0">(OCoLC)fst01216118</subfield></datafield><datafield ind1=" " ind2="7" tag="655"><subfield code="a">Newspapers.</subfield><subfield code="2">fast</subfield><subfield code="0">(OCoLC)fst01423814</subfield></datafield><datafield ind1=" " ind2=" " tag="752"><subfield code="a">United States</subfield><subfield code="b">Oregon</subfield><subfield code="c">Multnomah</subfield><subfield code="d">Portland.</subfield></datafield><datafield ind1="0" ind2="0" tag="780"><subfield code="t">Morning Oregonian (Portland, Or. : 1861)</subfield><subfield code="w">(DLC)sn 83025138</subfield><subfield code="w">(OCoLC)9278209</subfield></datafield><datafield ind1="0" ind2="5" tag="780"><subfield code="t">Oregon journal (Portland, Or.)</subfield><subfield code="w">(DLC)sn 85042445</subfield><subfield code="w">(OCoLC)12429059</subfield></datafield><datafield ind1="1" ind2=" " tag="787"><subfield code="t">Oregon daily journal</subfield><subfield code="w">(DLC)sn 85042444</subfield><subfield code="w">(OCoLC)12429002</subfield></datafield><datafield ind1="1" ind2=" " tag="787"><subfield code="t">NewsBank CD news presents the Oregonian</subfield><subfield code="x">1064-8356</subfield><subfield code="w">(DLC)   92644663</subfield><subfield code="w">(OCoLC)26457642</subfield></datafield></record>